{"AAL": [{"2022-06-30": {"researchDevelopment": null, "effectOfAccountingCharges": null, "incomeBeforeTax": 603000000, "minorityInterest": null, "netIncome": 476000000, "sellingGeneralAdministrative": 504000000, "grossProfit": 3514000000, "ebit": 1117000000, "operatingIncome": 1117000000, "otherOperatingExpenses": 1389000000, "interestExpense": -468000000, "extraordinaryItems": null, "nonRecurring": null, "otherItems": null, "incomeTaxExpense": 127000000, "totalRevenue": 13422000000, "totalOperatingExpenses": 12305000000, "costOfRevenue": 9908000000, "totalOtherIncomeExpenseNet": -514000000, "discontinuedOperations": null, "netIncomeFromContinuingOps": 476000000, "netIncomeApplicableToCommonShares": 476000000}}, {"2022-03-31": {"researchDevelopment": null, "effectOfAccountingCharges": null, "incomeBeforeTax": -2086000000, "minorityInterest": null, "netIncome": -1635000000, "sellingGeneralAdministrative": 332000000, "grossProfit": 649000000, "ebit": -1460000000, "operatingIncome": -1460000000, "otherOperatingExpenses": 1285000000, "interestExpense": -463000000, "extraordinaryItems": null, "nonRecurring": null, "otherItems": null, "incomeTaxExpense": -451000000, "totalRevenue": 8899000000, "totalOperatingExpenses": 10359000000, "costOfRevenue": 8250000000, "totalOtherIncomeExpenseNet": -626000000, "discontinuedOperations": null, "netIncomeFromContinuingOps": -1635000000, "netIncomeApplicableToCommonShares": -1635000000}}, {"2021-12-31": {"researchDevelopment": null, "effectOfAccountingCharges": null, "incomeBeforeTax": -1191000000, "minorityInterest": null, "netIncome": -932000000, "sellingGeneralAdministrative": 353000000, "grossProfit": 1428000000, "ebit": -715000000, "operatingIncome": -715000000, "otherOperatingExpenses": 1210000000, "interestExpense": -468000000, "extraordinaryItems": null, "nonRecurring": null, "otherItems": null, "incomeTaxExpense": -259000000, "totalRevenue": 9427000000, "totalOperatingExpenses": 10142000000, "costOfRevenue": 7999000000, "totalOtherIncomeExpenseNet": -476000000, "discontinuedOperations": null, "netIncomeFromContinuingOps": -932000000, "netIncomeApplicableToCommonShares": -932000000}}, {"2021-09-30": {"researchDevelopment": null, "effectOfAccountingCharges": null, "incomeBeforeTax": 206000000, "minorityInterest": null, "netIncome": 169000000, "sellingGeneralAdministrative": 318000000, "grossProfit": 1525000000, "ebit": -382000000, "operatingIncome": -382000000, "otherOperatingExpenses": 1109000000, "interestExpense": -476000000, "extraordinaryItems": null, "nonRecurring": null, "otherItems": null, "incomeTaxExpense": 37000000, "totalRevenue": 8969000000, "totalOperatingExpenses": 9351000000, "costOfRevenue": 7444000000, "totalOtherIncomeExpenseNet": 588000000, "discontinuedOperations": null, "netIncomeFromContinuingOps": 169000000, "netIncomeApplicableToCommonShares": 169000000}}], "AAME": [{"2022-06-30": {"researchDevelopment": null, "effectOfAccountingCharges": null, "incomeBeforeTax": -2115000, "minorityInterest": null, "netIncome": -1679000, "sellingGeneralAdministrative": null, "grossProfit": 7142000, "ebit": -1701000, "operatingIncome": -1701000, "otherOperatingExpenses": 8843000, "interestExpense": -414000, "extraordinaryItems": null, "nonRecurring": null, "otherItems": null, "incomeTaxExpense": -436000, "totalRevenue": 44669000, "totalOperatingExpenses": 46370000, "costOfRevenue": 37527000, "totalOtherIncomeExpenseNet": -414000, "discontinuedOperations": null, "netIncomeFromContinuingOps": -1679000, "netIncomeApplicableToCommonShares": -1779000}}, {"2022-03-31": {"researchDevelopment": null, "effectOfAccountingCharges": null, "incomeBeforeTax": 3796000, "minorityInterest": null, "netIncome": 2842000, "sellingGeneralAdministrative": null, "grossProfit": 7603000, "ebit": 4150000, "operatingIncome": 4150000, "otherOperatingExpenses": 3453000, "interestExpense": -354000, "extraordinaryItems": null, "nonRecurring": null, "otherItems": null, "incomeTaxExpense": 954000, "totalRevenue": 51608000, "totalOperatingExpenses": 47458000, "costOfRevenue": 44005000, "totalOtherIncomeExpenseNet": -354000, "discontinuedOperations": null, "netIncomeFromContinuingOps": 2842000, "netIncomeApplicableToCommonShares": 2743000}}, {"2021-12-31": {"researchDevelopment": null, "effectOfAccountingCharges": null, "incomeBeforeTax": 3388000, "minorityInterest": null, "netIncome": 2665000, "sellingGeneralAdministrative": null, "grossProfit": -14986000, "ebit": 3735000, "operatingIncome": 3735000, "otherOperatingExpenses": -18721000, "interestExpense": -347000, "extraordinaryItems": null, "nonRecurring": null, "otherItems": null, "incomeTaxExpense": 723000, "totalRevenue": 49732000, "totalOperatingExpenses": 45997000, "costOfRevenue": 64718000, "totalOtherIncomeExpenseNet": -347000, "discontinuedOperations": null, "netIncomeFromContinuingOps": 2665000, "netIncomeApplicableToCommonShares": 2565000}}, {"2021-09-30": {"researchDevelopment": null, "effectOfAccountingCharges": null, "incomeBeforeTax": -1293000, "minorityInterest": null, "netIncome": -915000, "sellingGeneralAdministrative": null, "grossProfit": 9372000, "ebit": -946000, "operatingIncome": -946000, "otherOperatingExpenses": 10318000, "interestExpense": -347000, "extraordinaryItems": null, "nonRecurring": null, "otherItems": null, "incomeTaxExpense": -378000, "totalRevenue": 49290000, "totalOperatingExpenses": 50236000, "costOfRevenue": 39918000, "totalOtherIncomeExpenseNet": -347000, "discontinuedOperations": null, "netIncomeFromContinuingOps": -915000, "netIncomeApplicableToCommonShares": -1015000}}], "AAOI": [{"2022-06-30": {"researchDevelopment": 8328000, "effectOfAccountingCharges": null, "incomeBeforeTax": -14456000, "minorityInterest": null, "netIncome": -14456000, "sellingGeneralAdministrative": 13199000, "grossProfit": 8628000, "ebit": -12899000, "operatingIncome": -12899000, "otherOperatingExpenses": null, "interestExpense": -1408000, "extraordinaryItems": null, "nonRecurring": null, "otherItems": null, "incomeTaxExpense": 0, "totalRevenue": 52299000, "totalOperatingExpenses": 65198000, "costOfRevenue": 43671000, "totalOtherIncomeExpenseNet": -1557000, "discontinuedOperations": null, "netIncomeFromContinuingOps": -14456000, "netIncomeApplicableToCommonShares": -14456000}}, {"2022-03-31": {"researchDevelopment": 9486000, "effectOfAccountingCharges": null, "incomeBeforeTax": -16062000, "minorityInterest": null, "netIncome": -16062000, "sellingGeneralAdministrative": 13778000, "grossProfit": 9025000, "ebit": -14239000, "operatingIncome": -14239000, "otherOperatingExpenses": null, "interestExpense": -1401000, "extraordinaryItems": null, "nonRecurring": null, "otherItems": null, "incomeTaxExpense": 0, "totalRevenue": 52242000, "totalOperatingExpenses": 66481000, "costOfRevenue": 43217000, "totalOtherIncomeExpenseNet": -1823000, "discontinuedOperations": null, "netIncomeFromContinuingOps": -16062000, "netIncomeApplicableToCommonShares": -16062000}}, {"2021-12-31": {"researchDevelopment": 9230000, "effectOfAccountingCharges": null, "incomeBeforeTax": -14538000, "minorityInterest": null, "netIncome": -14540000, "sellingGeneralAdministrative": 12490000, "grossProfit": 8095000, "ebit": -13625000, "operatingIncome": -13625000, "otherOperatingExpenses": null, "interestExpense": -1462000, "extraordinaryItems": null, "nonRecurring": null, "otherItems": null, "incomeTaxExpense": 2000, "totalRevenue": 54408000, "totalOperatingExpenses": 68033000, "costOfRevenue": 46313000, "totalOtherIncomeExpenseNet": -913000, "discontinuedOperations": null, "netIncomeFromContinuingOps": -14540000, "netIncomeApplicableToCommonShares": -14540000}}, {"2021-09-30": {"researchDevelopment": 10149000, "effectOfAccountingCharges": null, "incomeBeforeTax": -15797000, "minorityInterest": null, "netIncome": -15797000, "sellingGeneralAdministrative": 13428000, "grossProfit": 8124000, "ebit": -15453000, "operatingIncome": -15453000, "otherOperatingExpenses": null, "interestExpense": -1359000, "extraordinaryItems": null, "nonRecurring": null, "otherItems": null, "incomeTaxExpense": 0, "totalRevenue": 53267000, "totalOperatingExpenses": 68720000, "costOfRevenue": 45143000, "totalOtherIncomeExpenseNet": -344000, "discontinuedOperations": null, "netIncomeFromContinuingOps": -15797000, "netIncomeApplicableToCommonShares": -15797000}}], "AAON": [{"2022-06-30": {"researchDevelopment": null, "effectOfAccountingCharges": null, "incomeBeforeTax": 20123000, "minorityInterest": null, "netIncome": 15946000, "sellingGeneralAdministrative": 24871000, "grossProfit": 47376000, "ebit": 20443000, "operatingIncome": 20443000, "otherOperatingExpenses": null, "interestExpense": -550000, "extraordinaryItems": null, "nonRecurring": null, "otherItems": null, "incomeTaxExpense": 4177000, "totalRevenue": 208814000, "totalOperatingExpenses": 188371000, "costOfRevenue": 161438000, "totalOtherIncomeExpenseNet": -320000, "discontinuedOperations": null, "netIncomeFromContinuingOps": 15946000, "netIncomeApplicableToCommonShares": 15946000}}, {"2022-03-31": {"researchDevelopment": null, "effectOfAccountingCharges": null, "incomeBeforeTax": 22841000, "minorityInterest": null, "netIncome": 18059000, "sellingGeneralAdministrative": 20888000, "grossProfit": 46064000, "ebit": 23197000, "operatingIncome": 23197000, "otherOperatingExpenses": null, "interestExpense": -190000, "extraordinaryItems": null, "nonRecurring": null, "otherItems": null, "incomeTaxExpense": 4782000, "totalRevenue": 182771000, "totalOperatingExpenses": 159574000, "costOfRevenue": 136707000, "totalOtherIncomeExpenseNet": -356000, "discontinuedOperations": null, "netIncomeFromContinuingOps": 18059000, "netIncomeApplicableToCommonShares": 18059000}}, {"2021-12-31": {"researchDevelopment": null, "effectOfAccountingCharges": null, "incomeBeforeTax": 5346000, "minorityInterest": null, "netIncome": 6186000, "sellingGeneralAdministrative": 19721000, "grossProfit": 26547000, "ebit": 5852000, "operatingIncome": 5852000, "otherOperatingExpenses": null, "interestExpense": -121000, "extraordinaryItems": null, "nonRecurring": null, "otherItems": null, "incomeTaxExpense": -840000, "totalRevenue": 136282000, "totalOperatingExpenses": 130430000, "costOfRevenue": 109735000, "totalOtherIncomeExpenseNet": -506000, "discontinuedOperations": null, "netIncomeFromContinuingOps": 6186000, "netIncomeApplicableToCommonShares": 6186000}}, {"2021-09-30": {"researchDevelopment": null, "effectOfAccountingCharges": null, "incomeBeforeTax": 20108000, "minorityInterest": null, "netIncome": 15581000, "sellingGeneralAdministrative": 15167000, "grossProfit": 36019000, "ebit": 20219000, "operatingIncome": 20219000, "otherOperatingExpenses": null, "interestExpense": -10000, "extraordinaryItems": null, "nonRecurring": null, "otherItems": null, "incomeTaxExpense": 4527000, "totalRevenue": 138571000, "totalOperatingExpenses": 118352000, "costOfRevenue": 102552000, "totalOtherIncomeExpenseNet": -111000, "discontinuedOperations": null, "netIncomeFromContinuingOps": 15581000, "netIncomeApplicableToCommonShares": 15581000}}], "AAPL": [{"2022-06-25": {"researchDevelopment": 6797000000, "effectOfAccountingCharges": null, "incomeBeforeTax": 23066000000, "minorityInterest": null, "netIncome": 19442000000, "sellingGeneralAdministrative": 6012000000, "grossProfit": 35885000000, "ebit": 23076000000, "operatingIncome": 23076000000, "otherOperatingExpenses": null, "interestExpense": -719000000, "extraordinaryItems": null, "nonRecurring": null, "otherItems": null, "incomeTaxExpense": 3624000000, "totalRevenue": 82959000000, "totalOperatingExpenses": 59883000000, "costOfRevenue": 47074000000, "totalOtherIncomeExpenseNet": -10000000, "discontinuedOperations": null, "netIncomeFromContinuingOps": 19442000000, "netIncomeApplicableToCommonShares": 19442000000}}, {"2022-03-26": {"researchDevelopment": 6387000000, "effectOfAccountingCharges": null, "incomeBeforeTax": 30139000000, "minorityInterest": null, "netIncome": 25010000000, "sellingGeneralAdministrative": 6193000000, "grossProfit": 42559000000, "ebit": 29979000000, "operatingIncome": 29979000000, "otherOperatingExpenses": null, "interestExpense": -691000000, "extraordinaryItems": null, "nonRecurring": null, "otherItems": null, "incomeTaxExpense": 5129000000, "totalRevenue": 97278000000, "totalOperatingExpenses": 67299000000, "costOfRevenue": 54719000000, "totalOtherIncomeExpenseNet": 160000000, "discontinuedOperations": null, "netIncomeFromContinuingOps": 25010000000, "netIncomeApplicableToCommonShares": 25010000000}}, {"2021-12-25": {"researchDevelopment": 6306000000, "effectOfAccountingCharges": null, "incomeBeforeTax": 41241000000, "minorityInterest": null, "netIncome": 34630000000, "sellingGeneralAdministrative": 6449000000, "grossProfit": 54243000000, "ebit": 41488000000, "operatingIncome": 41488000000, "otherOperatingExpenses": null, "interestExpense": -694000000, "extraordinaryItems": null, "nonRecurring": null, "otherItems": null, "incomeTaxExpense": 6611000000, "totalRevenue": 123945000000, "totalOperatingExpenses": 82457000000, "costOfRevenue": 69702000000, "totalOtherIncomeExpenseNet": -247000000, "discontinuedOperations": null, "netIncomeFromContinuingOps": 34630000000, "netIncomeApplicableToCommonShares": 34630000000}}, {"2021-09-25": {"researchDevelopment": 5772000000, "effectOfAccountingCharges": null, "incomeBeforeTax": 23248000000, "minorityInterest": null, "netIncome": 20551000000, "sellingGeneralAdministrative": 5616000000, "grossProfit": 35174000000, "ebit": 23786000000, "operatingIncome": 23786000000, "otherOperatingExpenses": null, "interestExpense": -672000000, "extraordinaryItems": null, "nonRecurring": null, "otherItems": null, "incomeTaxExpense": 2697000000, "totalRevenue": 83360000000, "totalOperatingExpenses": 59574000000, "costOfRevenue": 48186000000, "totalOtherIncomeExpenseNet": -538000000, "discontinuedOperations": null, "netIncomeFromContinuingOps": 20551000000, "netIncomeApplicableToCommonShares": 20551000000}}], "AAWW": [{"2022-06-30": {"researchDevelopment": null, "effectOfAccountingCharges": null, "incomeBeforeTax": 114908000, "minorityInterest": null, "netIncome": 88258000, "sellingGeneralAdministrative": 52719000, "grossProfit": 301477000, "ebit": 132165000, "operatingIncome": 132165000, "otherOperatingExpenses": 54435000, "interestExpense": -16585000, "extraordinaryItems": null, "nonRecurring": null, "otherItems": null, "incomeTaxExpense": 26650000, "totalRevenue": 1179971000, "totalOperatingExpenses": 1047806000, "costOfRevenue": 878494000, "totalOtherIncomeExpenseNet": -17257000, "discontinuedOperations": null, "netIncomeFromContinuingOps": 88258000, "netIncomeApplicableToCommonShares": 88258000}}, {"2022-03-31": {"researchDevelopment": null, "effectOfAccountingCharges": null, "incomeBeforeTax": 105595000, "minorityInterest": null, "netIncome": 81511000, "sellingGeneralAdministrative": 42768000, "grossProfit": 277516000, "ebit": 117789000, "operatingIncome": 117789000, "otherOperatingExpenses": 55857000, "interestExpense": -16659000, "extraordinaryItems": null, "nonRecurring": null, "otherItems": null, "incomeTaxExpense": 24084000, "totalRevenue": 1037156000, "totalOperatingExpenses": 919367000, "costOfRevenue": 759640000, "totalOtherIncomeExpenseNet": -12194000, "discontinuedOperations": null, "netIncomeFromContinuingOps": 81511000, "netIncomeApplicableToCommonShares": 81511000}}, {"2021-12-31": {"researchDevelopment": null, "effectOfAccountingCharges": null, "incomeBeforeTax": 233446000, "minorityInterest": null, "netIncome": 176739000, "sellingGeneralAdministrative": 42401000, "grossProfit": 428386000, "ebit": 263595000, "operatingIncome": 263595000, "otherOperatingExpenses": 61095000, "interestExpense": -23287000, "extraordinaryItems": null, "nonRecurring": null, "otherItems": null, "incomeTaxExpense": 56707000, "totalRevenue": 1162997000, "totalOperatingExpenses": 899402000, "costOfRevenue": 734611000, "totalOtherIncomeExpenseNet": -30149000, "discontinuedOperations": null, "netIncomeFromContinuingOps": 176739000, "netIncomeApplicableToCommonShares": 176739000}}, {"2021-09-30": {"researchDevelopment": null, "effectOfAccountingCharges": null, "incomeBeforeTax": 156118000, "minorityInterest": null, "netIncome": 119535000, "sellingGeneralAdministrative": 42966000, "grossProfit": 350031000, "ebit": 183291000, "operatingIncome": 183291000, "otherOperatingExpenses": 63106000, "interestExpense": -24838000, "extraordinaryItems": null, "nonRecurring": null, "otherItems": null, "incomeTaxExpense": 36583000, "totalRevenue": 1016100000, "totalOperatingExpenses": 832809000, "costOfRevenue": 666069000, "totalOtherIncomeExpenseNet": -27173000, "discontinuedOperations": null, "netIncomeFromContinuingOps": 119535000, "netIncomeApplicableToCommonShares": 119535000}}], "ABCB": [{"2022-06-30": {"researchDevelopment": null, "effectOfAccountingCharges": null, "incomeBeforeTax": 118085000, "minorityInterest": null, "netIncome": 90066000, "sellingGeneralAdministrative": 109568000, "grossProfit": 249442000, "ebit": 0, "operatingIncome": 112390000, "otherOperatingExpenses": 27484000, "interestExpense": null, "extraordinaryItems": null, "nonRecurring": null, "otherItems": null, "incomeTaxExpense": 28019000, "totalRevenue": 249442000, "totalOperatingExpenses": 137052000, "costOfRevenue": 0, "totalOtherIncomeExpenseNet": 5695000, "discontinuedOperations": null, "netIncomeFromContinuingOps": 90066000, "netIncomeApplicableToCommonShares": 90066000}}, {"2022-03-31": {"researchDevelopment": null, "effectOfAccountingCharges": null, "incomeBeforeTax": 109404000, "minorityInterest": null, "netIncome": 81698000, "sellingGeneralAdministrative": 111568000, "grossProfit": 253230000, "ebit": 0, "operatingIncome": 115562000, "otherOperatingExpenses": 26100000, "interestExpense": null, "extraordinaryItems": null, "nonRecurring": null, "otherItems": null, "incomeTaxExpense": 27706000, "totalRevenue": 253230000, "totalOperatingExpenses": 137668000, "costOfRevenue": 0, "totalOtherIncomeExpenseNet": -6158000, "discontinuedOperations": null, "netIncomeFromContinuingOps": 81698000, "netIncomeApplicableToCommonShares": 81698000}}, {"2021-12-31": {"researchDevelopment": null, "effectOfAccountingCharges": null, "incomeBeforeTax": 107478000, "minorityInterest": null, "netIncome": 81944000, "sellingGeneralAdministrative": 115944000, "grossProfit": 241433000, "ebit": 0, "operatingIncome": 115962000, "otherOperatingExpenses": 9527000, "interestExpense": null, "extraordinaryItems": null, "nonRecurring": null, "otherItems": null, "incomeTaxExpense": 25534000, "totalRevenue": 241433000, "totalOperatingExpenses": 125471000, "costOfRevenue": 0, "totalOtherIncomeExpenseNet": -8484000, "discontinuedOperations": null, "netIncomeFromContinuingOps": 81944000, "netIncomeApplicableToCommonShares": 81944000}}, {"2021-09-30": {"researchDevelopment": null, "effectOfAccountingCharges": null, "incomeBeforeTax": 110702000, "minorityInterest": null, "netIncome": 81680000, "sellingGeneralAdministrative": 105007000, "grossProfit": 248159000, "ebit": 0, "operatingIncome": 115669000, "otherOperatingExpenses": 27483000, "interestExpense": null, "extraordinaryItems": null, "nonRecurring": null, "otherItems": null, "incomeTaxExpense": 29022000, "totalRevenue": 248159000, "totalOperatingExpenses": 132490000, "costOfRevenue": 0, "totalOtherIncomeExpenseNet": -4967000, "discontinuedOperations": null, "netIncomeFromContinuingOps": 81680000, "netIncomeApplicableToCommonShares": 81680000}}], "ABCL": [{"2022-06-30": {"researchDevelopment": 26685000, "effectOfAccountingCharges": null, "incomeBeforeTax": -6886000, "minorityInterest": null, "netIncome": -6785000, "sellingGeneralAdministrative": 17532000, "grossProfit": 40707000, "ebit": -8396000, "operatingIncome": -8396000, "otherOperatingExpenses": null, "interestExpense": null, "extraordinaryItems": null, "nonRecurring": null, "otherItems": null, "incomeTaxExpense": -101000, "totalRevenue": 45917000, "totalOperatingExpenses": 54313000, "costOfRevenue": 5210000, "totalOtherIncomeExpenseNet": 1510000, "discontinuedOperations": null, "netIncomeFromContinuingOps": -6785000, "netIncomeApplicableToCommonShares": -6785000}}, {"2022-03-31": {"researchDevelopment": 26685000, "effectOfAccountingCharges": null, "incomeBeforeTax": 230809000, "minorityInterest": null, "netIncome": 168573000, "sellingGeneralAdministrative": 16638000, "grossProfit": 245578000, "ebit": 224950000, "operatingIncome": 224950000, "otherOperatingExpenses": null, "interestExpense": null, "extraordinaryItems": null, "nonRecurring": null, "otherItems": null, "incomeTaxExpense": 62236000, "totalRevenue": 316581000, "totalOperatingExpenses": 91631000, "costOfRevenue": 71003000, "totalOtherIncomeExpenseNet": 5859000, "discontinuedOperations": null, "netIncomeFromContinuingOps": 168573000, "netIncomeApplicableToCommonShares": 168573000}}, {"2021-12-31": {"researchDevelopment": 26685000, "effectOfAccountingCharges": null, "incomeBeforeTax": 84710000, "minorityInterest": null, "netIncome": 59948000, "sellingGeneralAdministrative": 14717000, "grossProfit": 100228000, "ebit": 81553000, "operatingIncome": 81553000, "otherOperatingExpenses": null, "interestExpense": -5225000, "extraordinaryItems": null, "nonRecurring": null, "otherItems": null, "incomeTaxExpense": 24762000, "totalRevenue": 139331000, "totalOperatingExpenses": 57778000, "costOfRevenue": 39103000, "totalOtherIncomeExpenseNet": 3157000, "discontinuedOperations": null, "netIncomeFromContinuingOps": 59948000, "netIncomeApplicableToCommonShares": 59948000}}, {"2021-09-30": {"researchDevelopment": 26685000, "effectOfAccountingCharges": null, "incomeBeforeTax": -24972000, "minorityInterest": null, "netIncome": -21380000, "sellingGeneralAdministrative": 12488000, "grossProfit": -11942000, "ebit": -28096000, "operatingIncome": -28096000, "otherOperatingExpenses": null, "interestExpense": -5225000, "extraordinaryItems": null, "nonRecurring": null, "otherItems": null, "incomeTaxExpense": -3592000, "totalRevenue": 5508000, "totalOperatingExpenses": 33604000, "costOfRevenue": 17450000, "totalOtherIncomeExpenseNet": 3124000, "discontinuedOperations": null, "netIncomeFromContinuingOps": -21380000, "netIncomeApplicableToCommonShares": -21380000}}], "ABCM": [{"2022-06-30": {"researchDevelopment": 9550000, "effectOfAccountingCharges": null, "incomeBeforeTax": 3700000, "minorityInterest": null, "netIncome": 2900000, "sellingGeneralAdministrative": 51450000, "grossProfit": 70000000, "ebit": 9000000, "operatingIncome": 9000000, "otherOperatingExpenses": null, "interestExpense": -1000000, "extraordinaryItems": null, "nonRecurring": null, "otherItems": null, "incomeTaxExpense": 800000, "totalRevenue": 92600000, "totalOperatingExpenses": 83600000, "costOfRevenue": 22600000, "totalOtherIncomeExpenseNet": -5300000, "discontinuedOperations": null, "netIncomeFromContinuingOps": 2900000, "netIncomeApplicableToCommonShares": 2900000}}, {"2022-03-31": {"researchDevelopment": 9550000, "effectOfAccountingCharges": null, "incomeBeforeTax": 3700000, "minorityInterest": null, "netIncome": 2900000, "sellingGeneralAdministrative": 51450000, "grossProfit": 70000000, "ebit": 9000000, "operatingIncome": 9000000, "otherOperatingExpenses": null, "interestExpense": -1000000, "extraordinaryItems": null, "nonRecurring": null, "otherItems": null, "incomeTaxExpense": 800000, "totalRevenue": 92600000, "totalOperatingExpenses": 83600000, "costOfRevenue": 22600000, "totalOtherIncomeExpenseNet": -5300000, "discontinuedOperations": null, "netIncomeFromContinuingOps": 2900000, "netIncomeApplicableToCommonShares": 2900000}}, {"2021-06-30": {"researchDevelopment": 5550000, "effectOfAccountingCharges": null, "incomeBeforeTax": 5800000, "minorityInterest": null, "netIncome": 2250000, "sellingGeneralAdministrative": 39950000, "grossProfit": 53600000, "ebit": 8100000, "operatingIncome": 8100000, "otherOperatingExpenses": null, "interestExpense": -650000, "extraordinaryItems": null, "nonRecurring": null, "otherItems": null, "incomeTaxExpense": 3550000, "totalRevenue": 75100000, "totalOperatingExpenses": 67000000, "costOfRevenue": 21500000, "totalOtherIncomeExpenseNet": -2300000, "discontinuedOperations": null, "netIncomeFromContinuingOps": 2250000, "netIncomeApplicableToCommonShares": 2250000}}, {"2021-06-30": {"researchDevelopment": 5550000, "effectOfAccountingCharges": null, "incomeBeforeTax": 4600000, "minorityInterest": null, "netIncome": 1450000, "sellingGeneralAdministrative": 41150000, "grossProfit": 53600000, "ebit": 6900000, "operatingIncome": 6900000, "otherOperatingExpenses": null, "interestExpense": -650000, "extraordinaryItems": null, "nonRecurring": null, "otherItems": null, "incomeTaxExpense": 3150000, "totalRevenue": 75100000, "totalOperatingExpenses": 68200000, "costOfRevenue": 21500000, "totalOtherIncomeExpenseNet": -2300000, "discontinuedOperations": null, "netIncomeFromContinuingOps": 1450000, "netIncomeApplicableToCommonShares": 1450000}}], "ABEO": [{"2022-06-30": {"researchDevelopment": 6118000, "effectOfAccountingCharges": null, "incomeBeforeTax": -8295000, "minorityInterest": null, "netIncome": -8295000, "sellingGeneralAdministrative": 3460000, "grossProfit": 110000, "ebit": -9468000, "operatingIncome": -9468000, "otherOperatingExpenses": null, "interestExpense": -317000, "extraordinaryItems": null, "nonRecurring": null, "otherItems": null, "incomeTaxExpense": 0, "totalRevenue": 1000000, "totalOperatingExpenses": 10468000, "costOfRevenue": 890000, "totalOtherIncomeExpenseNet": 1173000, "discontinuedOperations": null, "netIncomeFromContinuingOps": -8295000, "netIncomeApplicableToCommonShares": -12077000}}, {"2022-03-31": {"researchDevelopment": 10173000, "effectOfAccountingCharges": null, "incomeBeforeTax": -20791000, "minorityInterest": null, "netIncome": -20791000, "sellingGeneralAdministrative": 4224000, "grossProfit": -26000, "ebit": -14423000, "operatingIncome": -14423000, "otherOperatingExpenses": null, "interestExpense": -201000, "extraordinaryItems": null, "nonRecurring": null, "otherItems": null, "incomeTaxExpense": 0, "totalRevenue": 346000, "totalOperatingExpenses": 14769000, "costOfRevenue": 372000, "totalOtherIncomeExpenseNet": -6368000, "discontinuedOperations": null, "netIncomeFromContinuingOps": -20791000, "netIncomeApplicableToCommonShares": -20791000}}, {"2021-12-31": {"researchDevelopment": 31026000, "effectOfAccountingCharges": null, "incomeBeforeTax": -46683000, "minorityInterest": null, "netIncome": -46683000, "sellingGeneralAdministrative": 4678000, "grossProfit": 22325000, "ebit": -14186000, "operatingIncome": -14186000, "otherOperatingExpenses": null, "interestExpense": -67000, "extraordinaryItems": null, "nonRecurring": null, "otherItems": null, "incomeTaxExpense": 0, "totalRevenue": 3000000, "totalOperatingExpenses": 17186000, "costOfRevenue": -19325000, "totalOtherIncomeExpenseNet": -32497000, "discontinuedOperations": null, "netIncomeFromContinuingOps": -46683000, "netIncomeApplicableToCommonShares": -46683000}}, {"2021-09-30": {"researchDevelopment": 31026000, "effectOfAccountingCharges": null, "incomeBeforeTax": -7044000, "minorityInterest": null, "netIncome": -7044000, "sellingGeneralAdministrative": 6092000, "grossProfit": -7978000, "ebit": -14872000, "operatingIncome": -14872000, "otherOperatingExpenses": null, "interestExpense": -683000, "extraordinaryItems": null, "nonRecurring": null, "otherItems": null, "incomeTaxExpense": 0, "totalRevenue": 0, "totalOperatingExpenses": 14872000, "costOfRevenue": 7978000, "totalOtherIncomeExpenseNet": 7828000, "discontinuedOperations": null, "netIncomeFromContinuingOps": -7044000, "netIncomeApplicableToCommonShares": -7044000}}], "ABGI": [{"2022-06-30": {"researchDevelopment": null, "effectOfAccountingCharges": null, "incomeBeforeTax": -101801, "minorityInterest": null, "netIncome": -101801, "sellingGeneralAdministrative": 206025, "grossProfit": 0, "ebit": -206025, "operatingIncome": -206025, "otherOperatingExpenses": null, "interestExpense": null, "extraordinaryItems": null, "nonRecurring": null, "otherItems": null, "incomeTaxExpense": 0, "totalRevenue": 0, "totalOperatingExpenses": 206025, "costOfRevenue": 0, "totalOtherIncomeExpenseNet": 104224, "discontinuedOperations": null, "netIncomeFromContinuingOps": -101801, "netIncomeApplicableToCommonShares": -101801}}, {"2022-03-31": {"researchDevelopment": null, "effectOfAccountingCharges": null, "incomeBeforeTax": -302458, "minorityInterest": null, "netIncome": -302458, "sellingGeneralAdministrative": 304684, "grossProfit": 0, "ebit": -304684, "operatingIncome": -304684, "otherOperatingExpenses": null, "interestExpense": null, "extraordinaryItems": null, "nonRecurring": null, "otherItems": null, "incomeTaxExpense": 0, "totalRevenue": 0, "totalOperatingExpenses": 304684, "costOfRevenue": 0, "totalOtherIncomeExpenseNet": 2226, "discontinuedOperations": null, "netIncomeFromContinuingOps": -302458, "netIncomeApplicableToCommonShares": -302458}}, {"2021-12-31": {"researchDevelopment": null, "effectOfAccountingCharges": null, "incomeBeforeTax": -149867, "minorityInterest": null, "netIncome": -149867, "sellingGeneralAdministrative": 153040, "grossProfit": 0, "ebit": -153040, "operatingIncome": -153040, "otherOperatingExpenses": null, "interestExpense": null, "extraordinaryItems": null, "nonRecurring": null, "otherItems": null, "incomeTaxExpense": 0, "totalRevenue": 0, "totalOperatingExpenses": 153040, "costOfRevenue": 0, "totalOtherIncomeExpenseNet": 3173, "discontinuedOperations": null, "netIncomeFromContinuingOps": -149867, "netIncomeApplicableToCommonShares": -149867}}, {"2021-09-30": {"researchDevelopment": null, "effectOfAccountingCharges": null, "incomeBeforeTax": -215823, "minorityInterest": null, "netIncome": -215823, "sellingGeneralAdministrative": 218098, "grossProfit": 0, "ebit": -218098, "operatingIncome": -218098, "otherOperatingExpenses": null, "interestExpense": null, "extraordinaryItems": null, "nonRecurring": null, "otherItems": null, "incomeTaxExpense": 0, "totalRevenue": 0, "totalOperatingExpenses": 218098, "costOfRevenue": 0, "totalOtherIncomeExpenseNet": 2275, "discontinuedOperations": null, "netIncomeFromContinuingOps": -215823, "netIncomeApplicableToCommonShares": -215823}}], "ABIO": [{"2022-06-30": {"researchDevelopment": 1485000, "effectOfAccountingCharges": null, "incomeBeforeTax": -3147000, "minorityInterest": null, "netIncome": -3147000, "sellingGeneralAdministrative": 1734000, "grossProfit": 0, "ebit": -3219000, "operatingIncome": -3219000, "otherOperatingExpenses": null, "interestExpense": null, "extraordinaryItems": null, "nonRecurring": null, "otherItems": null, "incomeTaxExpense": 0, "totalRevenue": 0, "totalOperatingExpenses": 3219000, "costOfRevenue": 0, "totalOtherIncomeExpenseNet": 72000, "discontinuedOperations": null, "netIncomeFromContinuingOps": -3147000, "netIncomeApplicableToCommonShares": -3147000}}, {"2022-03-31": {"researchDevelopment": 1485000, "effectOfAccountingCharges": null, "incomeBeforeTax": -3147000, "minorityInterest": null, "netIncome": 0, "sellingGeneralAdministrative": 1734000, "grossProfit": 0, "ebit": 0, "operatingIncome": -3219000, "otherOperatingExpenses": null, "interestExpense": null, "extraordinaryItems": null, "nonRecurring": null, "otherItems": null, "incomeTaxExpense": 0, "totalRevenue": 0, "totalOperatingExpenses": 0, "costOfRevenue": 0, "totalOtherIncomeExpenseNet": 0, "discontinuedOperations": null, "netIncomeFromContinuingOps": -3147000, "netIncomeApplicableToCommonShares": -3147000}}, {"2021-12-31": {"researchDevelopment": 3941000, "effectOfAccountingCharges": null, "incomeBeforeTax": -5676000, "minorityInterest": null, "netIncome": -5676000, "sellingGeneralAdministrative": 1739000, "grossProfit": 0, "ebit": -5680000, "operatingIncome": -5680000, "otherOperatingExpenses": null, "interestExpense": null, "extraordinaryItems": null, "nonRecurring": null, "otherItems": null, "incomeTaxExpense": 0, "totalRevenue": 0, "totalOperatingExpenses": 5680000, "costOfRevenue": 0, "totalOtherIncomeExpenseNet": 4000, "discontinuedOperations": null, "netIncomeFromContinuingOps": -5676000, "netIncomeApplicableToCommonShares": -5676000}}, {"2021-09-30": {"researchDevelopment": 3438000, "effectOfAccountingCharges": null, "incomeBeforeTax": -4712000, "minorityInterest": null, "netIncome": -4712000, "sellingGeneralAdministrative": 1278000, "grossProfit": 0, "ebit": -4716000, "operatingIncome": -4716000, "otherOperatingExpenses": null, "interestExpense": null, "extraordinaryItems": null, "nonRecurring": null, "otherItems": null, "incomeTaxExpense": 0, "totalRevenue": 0, "totalOperatingExpenses": 4716000, "costOfRevenue": 0, "totalOtherIncomeExpenseNet": 4000, "discontinuedOperations": null, "netIncomeFromContinuingOps": -4712000, "netIncomeApplicableToCommonShares": -4712000}}], "ABMD": [{"2022-06-30": {"researchDevelopment": 43836000, "effectOfAccountingCharges": null, "incomeBeforeTax": 69822000, "minorityInterest": null, "netIncome": 54554000, "sellingGeneralAdministrative": 117996000, "grossProfit": 224523000, "ebit": 62691000, "operatingIncome": 62691000, "otherOperatingExpenses": null, "interestExpense": null, "extraordinaryItems": null, "nonRecurring": null, "otherItems": null, "incomeTaxExpense": 15268000, "totalRevenue": 277149000, "totalOperatingExpenses": 214458000, "costOfRevenue": 52626000, "totalOtherIncomeExpenseNet": 7131000, "discontinuedOperations": null, "netIncomeFromContinuingOps": 54554000, "netIncomeApplicableToCommonShares": 54554000}}, {"2022-03-31": {"researchDevelopment": 43785000, "effectOfAccountingCharges": null, "incomeBeforeTax": 74762000, "minorityInterest": null, "netIncome": 60325000, "sellingGeneralAdministrative": 109605000, "grossProfit": 218393000, "ebit": 65003000, "operatingIncome": 65003000, "otherOperatingExpenses": null, "interestExpense": -2918000, "extraordinaryItems": null, "nonRecurring": null, "otherItems": null, "incomeTaxExpense": 14437000, "totalRevenue": 269850000, "totalOperatingExpenses": 204847000, "costOfRevenue": 51457000, "totalOtherIncomeExpenseNet": 34808000, "discontinuedOperations": null, "netIncomeFromContinuingOps": 60325000, "netIncomeApplicableToCommonShares": 60325000}}, {"2021-12-31": {"researchDevelopment": 40869000, "effectOfAccountingCharges": null, "incomeBeforeTax": 57877000, "minorityInterest": null, "netIncome": 45752000, "sellingGeneralAdministrative": 107618000, "grossProfit": 213549000, "ebit": 65062000, "operatingIncome": 65062000, "otherOperatingExpenses": null, "interestExpense": -2918000, "extraordinaryItems": null, "nonRecurring": null, "otherItems": null, "incomeTaxExpense": 12125000, "totalRevenue": 261176000, "totalOperatingExpenses": 196114000, "costOfRevenue": 47627000, "totalOtherIncomeExpenseNet": -7185000, "discontinuedOperations": null, "netIncomeFromContinuingOps": 45752000, "netIncomeApplicableToCommonShares": 45752000}}, {"2021-09-30": {"researchDevelopment": 41041000, "effectOfAccountingCharges": null, "incomeBeforeTax": 67271000, "minorityInterest": null, "netIncome": 56953000, "sellingGeneralAdministrative": 102779000, "grossProfit": 204256000, "ebit": 60436000, "operatingIncome": 60436000, "otherOperatingExpenses": null, "interestExpense": -2918000, "extraordinaryItems": null, "nonRecurring": null, "otherItems": null, "incomeTaxExpense": 10318000, "totalRevenue": 248142000, "totalOperatingExpenses": 187706000, "costOfRevenue": 43886000, "totalOtherIncomeExpenseNet": 6835000, "discontinuedOperations": null, "netIncomeFromContinuingOps": 56953000, "netIncomeApplicableToCommonShares": 56953000}}], "ABNB": [{"2022-06-30": {"researchDevelopment": 375050000, "effectOfAccountingCharges": null, "incomeBeforeTax": 383111000, "minorityInterest": null, "netIncome": 378841000, "sellingGeneralAdministrative": 881384000, "grossProfit": 1714000000, "ebit": 457566000, "operatingIncome": 457566000, "otherOperatingExpenses": null, "interestExpense": -7483000, "extraordinaryItems": null, "nonRecurring": null, "otherItems": null, "incomeTaxExpense": 4270000, "totalRevenue": 2104107000, "totalOperatingExpenses": 1646541000, "costOfRevenue": 390107000, "totalOtherIncomeExpenseNet": -74455000, "discontinuedOperations": null, "netIncomeFromContinuingOps": 378841000, "netIncomeApplicableToCommonShares": 378841000}}, {"2022-03-31": {"researchDevelopment": 375050000, "effectOfAccountingCharges": null, "incomeBeforeTax": 383111000, "minorityInterest": null, "netIncome": 0, "sellingGeneralAdministrative": 881384000, "grossProfit": 0, "ebit": 0, "operatingIncome": 457566000, "otherOperatingExpenses": null, "interestExpense": -7483000, "extraordinaryItems": null, "nonRecurring": null, "otherItems": null, "incomeTaxExpense": 0, "totalRevenue": 0, "totalOperatingExpenses": 0, "costOfRevenue": 0, "totalOtherIncomeExpenseNet": -2252000, "discontinuedOperations": null, "netIncomeFromContinuingOps": 378841000, "netIncomeApplicableToCommonShares": 378841000}}, {"2021-12-31": {"researchDevelopment": 367843000, "effectOfAccountingCharges": null, "incomeBeforeTax": 72221000, "minorityInterest": null, "netIncome": 54501000, "sellingGeneralAdministrative": 792705000, "grossProfit": 1236885000, "ebit": 76337000, "operatingIncome": 76337000, "otherOperatingExpenses": null, "interestExpense": -2519000, "extraordinaryItems": null, "nonRecurring": null, "otherItems": null, "incomeTaxExpense": 17720000, "totalRevenue": 1532196000, "totalOperatingExpenses": 1455859000, "costOfRevenue": 295311000, "totalOtherIncomeExpenseNet": -4116000, "discontinuedOperations": null, "netIncomeFromContinuingOps": 54501000, "netIncomeApplicableToCommonShares": 54501000}}, {"2021-09-30": {"researchDevelopment": 344410000, "effectOfAccountingCharges": null, "incomeBeforeTax": 850458000, "minorityInterest": null, "netIncome": 833893000, "sellingGeneralAdministrative": 729934000, "grossProfit": 1925852000, "ebit": 851508000, "operatingIncome": 851508000, "otherOperatingExpenses": null, "interestExpense": -6649000, "extraordinaryItems": null, "nonRecurring": null, "otherItems": null, "incomeTaxExpense": 16565000, "totalRevenue": 2237432000, "totalOperatingExpenses": 1385924000, "costOfRevenue": 311580000, "totalOtherIncomeExpenseNet": -1050000, "discontinuedOperations": null, "netIncomeFromContinuingOps": 833893000, "netIncomeApplicableToCommonShares": 833893000}}], "ABST": [{"2022-06-30": {"researchDevelopment": 10326000, "effectOfAccountingCharges": null, "incomeBeforeTax": -3102000, "minorityInterest": null, "netIncome": -5337000, "sellingGeneralAdministrative": 21188000, "grossProfit": 42778000, "ebit": 11264000, "operatingIncome": 11264000, "otherOperatingExpenses": null, "interestExpense": -5260000, "extraordinaryItems": null, "nonRecurring": null, "otherItems": null, "incomeTaxExpense": 2235000, "totalRevenue": 52527000, "totalOperatingExpenses": 41263000, "costOfRevenue": 9749000, "totalOtherIncomeExpenseNet": -14366000, "discontinuedOperations": null, "netIncomeFromContinuingOps": -5337000, "netIncomeApplicableToCommonShares": -5337000}}, {"2022-03-31": {"researchDevelopment": 12434000, "effectOfAccountingCharges": null, "incomeBeforeTax": -7081000, "minorityInterest": null, "netIncome": -6457000, "sellingGeneralAdministrative": 32125000, "grossProfit": 42887000, "ebit": -1672000, "operatingIncome": -1672000, "otherOperatingExpenses": null, "interestExpense": -5085000, "extraordinaryItems": null, "nonRecurring": null, "otherItems": null, "incomeTaxExpense": -624000, "totalRevenue": 51985000, "totalOperatingExpenses": 53657000, "costOfRevenue": 9098000, "totalOtherIncomeExpenseNet": -5409000, "discontinuedOperations": null, "netIncomeFromContinuingOps": -6457000, "netIncomeApplicableToCommonShares": -6457000}}, {"2021-12-31": {"researchDevelopment": 11243000, "effectOfAccountingCharges": null, "incomeBeforeTax": -8005000, "minorityInterest": null, "netIncome": -5123000, "sellingGeneralAdministrative": 28798000, "grossProfit": 39637000, "ebit": -404000, "operatingIncome": -404000, "otherOperatingExpenses": null, "interestExpense": -5211000, "extraordinaryItems": null, "nonRecurring": null, "otherItems": null, "incomeTaxExpense": -2882000, "totalRevenue": 49050000, "totalOperatingExpenses": 49454000, "costOfRevenue": 9413000, "totalOtherIncomeExpenseNet": -7601000, "discontinuedOperations": null, "netIncomeFromContinuingOps": -5123000, "netIncomeApplicableToCommonShares": -5123000}}, {"2021-09-30": {"researchDevelopment": 10273000, "effectOfAccountingCharges": null, "incomeBeforeTax": -9985000, "minorityInterest": null, "netIncome": -7568000, "sellingGeneralAdministrative": 29594000, "grossProfit": 35234000, "ebit": -4633000, "operatingIncome": -4633000, "otherOperatingExpenses": null, "interestExpense": -5146000, "extraordinaryItems": null, "nonRecurring": null, "otherItems": null, "incomeTaxExpense": -2417000, "totalRevenue": 43749000, "totalOperatingExpenses": 48382000, "costOfRevenue": 8515000, "totalOtherIncomeExpenseNet": -5352000, "discontinuedOperations": null, "netIncomeFromContinuingOps": -7568000, "netIncomeApplicableToCommonShares": -7568000}}], "ABTX": [{"2022-06-30": {"researchDevelopment": null, "effectOfAccountingCharges": null, "incomeBeforeTax": 20139000, "minorityInterest": null, "netIncome": 16437000, "sellingGeneralAdministrative": 29126000, "grossProfit": 58043000, "ebit": 0, "operatingIncome": 23878000, "otherOperatingExpenses": 5039000, "interestExpense": null, "extraordinaryItems": null, "nonRecurring": null, "otherItems": null, "incomeTaxExpense": 3702000, "totalRevenue": 58043000, "totalOperatingExpenses": 34165000, "costOfRevenue": 0, "totalOtherIncomeExpenseNet": -3739000, "discontinuedOperations": null, "netIncomeFromContinuingOps": 16437000, "netIncomeApplicableToCommonShares": 16437000}}, {"2022-03-31": {"researchDevelopment": null, "effectOfAccountingCharges": null, "incomeBeforeTax": 22859000, "minorityInterest": null, "netIncome": 18657000, "sellingGeneralAdministrative": 29405000, "grossProfit": 57376000, "ebit": 0, "operatingIncome": 25381000, "otherOperatingExpenses": 2590000, "interestExpense": null, "extraordinaryItems": null, "nonRecurring": null, "otherItems": null, "incomeTaxExpense": 4202000, "totalRevenue": 57376000, "totalOperatingExpenses": 31995000, "costOfRevenue": 0, "totalOtherIncomeExpenseNet": -2522000, "discontinuedOperations": null, "netIncomeFromContinuingOps": 18657000, "netIncomeApplicableToCommonShares": 18657000}}, {"2021-12-31": {"researchDevelopment": null, "effectOfAccountingCharges": null, "incomeBeforeTax": 26391000, "minorityInterest": null, "netIncome": 21558000, "sellingGeneralAdministrative": 29760000, "grossProfit": 63135000, "ebit": 0, "operatingIncome": 30227000, "otherOperatingExpenses": 3148000, "interestExpense": null, "extraordinaryItems": null, "nonRecurring": null, "otherItems": null, "incomeTaxExpense": 4833000, "totalRevenue": 63135000, "totalOperatingExpenses": 32908000, "costOfRevenue": 0, "totalOtherIncomeExpenseNet": -3836000, "discontinuedOperations": null, "netIncomeFromContinuingOps": 21558000, "netIncomeApplicableToCommonShares": 21558000}}, {"2021-09-30": {"researchDevelopment": null, "effectOfAccountingCharges": null, "incomeBeforeTax": 23674000, "minorityInterest": null, "netIncome": 19060000, "sellingGeneralAdministrative": 30014000, "grossProfit": 57970000, "ebit": 0, "operatingIncome": 25518000, "otherOperatingExpenses": 2438000, "interestExpense": null, "extraordinaryItems": null, "nonRecurring": null, "otherItems": null, "incomeTaxExpense": 4614000, "totalRevenue": 57970000, "totalOperatingExpenses": 32452000, "costOfRevenue": 0, "totalOtherIncomeExpenseNet": -1844000, "discontinuedOperations": null, "netIncomeFromContinuingOps": 19060000, "netIncomeApplicableToCommonShares": 19060000}}], "ABUS": [{"2022-06-30": {"researchDevelopment": null, "effectOfAccountingCharges": null, "incomeBeforeTax": -14192000, "minorityInterest": null, "netIncome": -14192000, "sellingGeneralAdministrative": 5200000, "grossProfit": -8701000, "ebit": -13901000, "operatingIncome": -13901000, "otherOperatingExpenses": null, "interestExpense": -482000, "extraordinaryItems": null, "nonRecurring": null, "otherItems": null, "incomeTaxExpense": 0, "totalRevenue": 14241000, "totalOperatingExpenses": 28142000, "costOfRevenue": 22942000, "totalOtherIncomeExpenseNet": -291000, "discontinuedOperations": null, "netIncomeFromContinuingOps": -14192000, "netIncomeApplicableToCommonShares": -14192000}}, {"2022-03-31": {"researchDevelopment": null, "effectOfAccountingCharges": null, "incomeBeforeTax": -11321000, "minorityInterest": null, "netIncome": -15765000, "sellingGeneralAdministrative": 4892000, "grossProfit": -5881000, "ebit": -10773000, "operatingIncome": -10773000, "otherOperatingExpenses": null, "interestExpense": -506000, "extraordinaryItems": null, "nonRecurring": null, "otherItems": null, "incomeTaxExpense": 4444000, "totalRevenue": 12581000, "totalOperatingExpenses": 23354000, "costOfRevenue": 18462000, "totalOtherIncomeExpenseNet": -548000, "discontinuedOperations": null, "netIncomeFromContinuingOps": -15765000, "netIncomeApplicableToCommonShares": -15765000}}, {"2021-12-31": {"researchDevelopment": null, "effectOfAccountingCharges": null, "incomeBeforeTax": -21321000, "minorityInterest": null, "netIncome": -21321000, "sellingGeneralAdministrative": 4698000, "grossProfit": -17231000, "ebit": -20603000, "operatingIncome": -20603000, "otherOperatingExpenses": null, "interestExpense": -560000, "extraordinaryItems": null, "nonRecurring": null, "otherItems": null, "incomeTaxExpense": 0, "totalRevenue": 3206000, "totalOperatingExpenses": 23809000, "costOfRevenue": 20437000, "totalOtherIncomeExpenseNet": -718000, "discontinuedOperations": null, "netIncomeFromContinuingOps": -21321000, "netIncomeApplicableToCommonShares": -21895000}}, {"2021-09-30": {"researchDevelopment": null, "effectOfAccountingCharges": null, "incomeBeforeTax": -19158000, "minorityInterest": null, "netIncome": -19158000, "sellingGeneralAdministrative": 4146000, "grossProfit": -12959000, "ebit": -17552000, "operatingIncome": -17552000, "otherOperatingExpenses": null, "interestExpense": -762000, "extraordinaryItems": null, "nonRecurring": null, "otherItems": null, "incomeTaxExpense": 0, "totalRevenue": 3340000, "totalOperatingExpenses": 20892000, "costOfRevenue": 16299000, "totalOtherIncomeExpenseNet": -1606000, "discontinuedOperations": null, "netIncomeFromContinuingOps": -19158000, "netIncomeApplicableToCommonShares": -24245000}}], "ACAD": [{"2022-06-30": {"researchDevelopment": null, "effectOfAccountingCharges": null, "incomeBeforeTax": -33568000, "minorityInterest": null, "netIncome": -34011000, "sellingGeneralAdministrative": 89901000, "grossProfit": 56250000, "ebit": -33651000, "operatingIncome": -33651000, "otherOperatingExpenses": null, "interestExpense": null, "extraordinaryItems": null, "nonRecurring": null, "otherItems": null, "incomeTaxExpense": 443000, "totalRevenue": 134563000, "totalOperatingExpenses": 168214000, "costOfRevenue": 78313000, "totalOtherIncomeExpenseNet": 83000, "discontinuedOperations": null, "netIncomeFromContinuingOps": -34011000, "netIncomeApplicableToCommonShares": -34011000}}, {"2022-03-31": {"researchDevelopment": null, "effectOfAccountingCharges": null, "incomeBeforeTax": -112571000, "minorityInterest": null, "netIncome": -113056000, "sellingGeneralAdministrative": 96679000, "grossProfit": -16337000, "ebit": -113016000, "operatingIncome": -113016000, "otherOperatingExpenses": null, "interestExpense": null, "extraordinaryItems": null, "nonRecurring": null, "otherItems": null, "incomeTaxExpense": 485000, "totalRevenue": 115468000, "totalOperatingExpenses": 228484000, "costOfRevenue": 131805000, "totalOtherIncomeExpenseNet": 445000, "discontinuedOperations": null, "netIncomeFromContinuingOps": -113056000, "netIncomeApplicableToCommonShares": -113056000}}, {"2021-12-31": {"researchDevelopment": null, "effectOfAccountingCharges": null, "incomeBeforeTax": -42905000, "minorityInterest": null, "netIncome": -43094000, "sellingGeneralAdministrative": 105912000, "grossProfit": 61255000, "ebit": -44657000, "operatingIncome": -44657000, "otherOperatingExpenses": null, "interestExpense": null, "extraordinaryItems": null, "nonRecurring": null, "otherItems": null, "incomeTaxExpense": 189000, "totalRevenue": 130758000, "totalOperatingExpenses": 175415000, "costOfRevenue": 69503000, "totalOtherIncomeExpenseNet": 1752000, "discontinuedOperations": null, "netIncomeFromContinuingOps": -43094000, "netIncomeApplicableToCommonShares": -43094000}}, {"2021-09-30": {"researchDevelopment": null, "effectOfAccountingCharges": null, "incomeBeforeTax": -14789000, "minorityInterest": null, "netIncome": -14457000, "sellingGeneralAdministrative": 81666000, "grossProfit": 66365000, "ebit": -15301000, "operatingIncome": -15301000, "otherOperatingExpenses": null, "interestExpense": null, "extraordinaryItems": null, "nonRecurring": null, "otherItems": null, "incomeTaxExpense": -332000, "totalRevenue": 131612000, "totalOperatingExpenses": 146913000, "costOfRevenue": 65247000, "totalOtherIncomeExpenseNet": 512000, "discontinuedOperations": null, "netIncomeFromContinuingOps": -14457000, "netIncomeApplicableToCommonShares": -14457000}}], "ACBI": [{"2021-12-31": {"researchDevelopment": null, "effectOfAccountingCharges": null, "incomeBeforeTax": 14595000, "minorityInterest": null, "netIncome": 11664000, "sellingGeneralAdministrative": 13457000, "grossProfit": 30558000, "ebit": 0, "operatingIncome": 15947000, "otherOperatingExpenses": 1154000, "interestExpense": null, "extraordinaryItems": null, "nonRecurring": null, "otherItems": null, "incomeTaxExpense": 2931000, "totalRevenue": 30558000, "totalOperatingExpenses": 14611000, "costOfRevenue": 0, "totalOtherIncomeExpenseNet": -1352000, "discontinuedOperations": null, "netIncomeFromContinuingOps": 11664000, "netIncomeApplicableToCommonShares": 11664000}}, {"2021-09-30": {"researchDevelopment": null, "effectOfAccountingCharges": null, "incomeBeforeTax": 16765000, "minorityInterest": null, "netIncome": 13304000, "sellingGeneralAdministrative": 13762000, "grossProfit": 31783000, "ebit": 0, "operatingIncome": 17107000, "otherOperatingExpenses": 914000, "interestExpense": null, "extraordinaryItems": null, "nonRecurring": null, "otherItems": null, "incomeTaxExpense": 3461000, "totalRevenue": 31783000, "totalOperatingExpenses": 14676000, "costOfRevenue": 0, "totalOtherIncomeExpenseNet": -342000, "discontinuedOperations": null, "netIncomeFromContinuingOps": 13304000, "netIncomeApplicableToCommonShares": 13304000}}, {"2021-06-30": {"researchDevelopment": null, "effectOfAccountingCharges": null, "incomeBeforeTax": 14980000, "minorityInterest": null, "netIncome": 11816000, "sellingGeneralAdministrative": 13736000, "grossProfit": 30177000, "ebit": 0, "operatingIncome": 15401000, "otherOperatingExpenses": 1040000, "interestExpense": null, "extraordinaryItems": null, "nonRecurring": null, "otherItems": null, "incomeTaxExpense": 3164000, "totalRevenue": 30177000, "totalOperatingExpenses": 14776000, "costOfRevenue": 0, "totalOtherIncomeExpenseNet": -421000, "discontinuedOperations": null, "netIncomeFromContinuingOps": 11816000, "netIncomeApplicableToCommonShares": 11816000}}, {"2021-03-31": {"researchDevelopment": null, "effectOfAccountingCharges": null, "incomeBeforeTax": 16277000, "minorityInterest": null, "netIncome": 13362000, "sellingGeneralAdministrative": 13761000, "grossProfit": 31426000, "ebit": 0, "operatingIncome": 16552000, "otherOperatingExpenses": 1113000, "interestExpense": null, "extraordinaryItems": null, "nonRecurring": null, "otherItems": null, "incomeTaxExpense": 2915000, "totalRevenue": 31426000, "totalOperatingExpenses": 14874000, "costOfRevenue": 0, "totalOtherIncomeExpenseNet": -275000, "discontinuedOperations": null, "netIncomeFromContinuingOps": 13362000, "netIncomeApplicableToCommonShares": 13362000}}], "ACCD": [{"2022-08-31": {"researchDevelopment": 26194000, "effectOfAccountingCharges": null, "incomeBeforeTax": -46274000, "minorityInterest": null, "netIncome": -46523000, "sellingGeneralAdministrative": 45956000, "grossProfit": 37813000, "ebit": -45908000, "operatingIncome": -45908000, "otherOperatingExpenses": null, "interestExpense": -937000, "extraordinaryItems": null, "nonRecurring": null, "otherItems": null, "incomeTaxExpense": 249000, "totalRevenue": 87643000, "totalOperatingExpenses": 133551000, "costOfRevenue": 49830000, "totalOtherIncomeExpenseNet": -366000, "discontinuedOperations": null, "netIncomeFromContinuingOps": -46523000, "netIncomeApplicableToCommonShares": -46523000}}, {"2022-05-31": {"researchDevelopment": 26817000, "effectOfAccountingCharges": null, "incomeBeforeTax": -346721000, "minorityInterest": null, "netIncome": -342822000, "sellingGeneralAdministrative": 45852000, "grossProfit": 37913000, "ebit": -46332000, "operatingIncome": -46332000, "otherOperatingExpenses": null, "interestExpense": -831000, "extraordinaryItems": null, "nonRecurring": null, "otherItems": null, "incomeTaxExpense": -3899000, "totalRevenue": 85528000, "totalOperatingExpenses": 131860000, "costOfRevenue": 47615000, "totalOtherIncomeExpenseNet": -300389000, "discontinuedOperations": null, "netIncomeFromContinuingOps": -342822000, "netIncomeApplicableToCommonShares": -342822000}}, {"2022-02-28": {"researchDevelopment": 22367000, "effectOfAccountingCharges": null, "incomeBeforeTax": -30694000, "minorityInterest": null, "netIncome": -34556000, "sellingGeneralAdministrative": 53101000, "grossProfit": 50163000, "ebit": -36946000, "operatingIncome": -36946000, "otherOperatingExpenses": null, "interestExpense": -768000, "extraordinaryItems": null, "nonRecurring": null, "otherItems": null, "incomeTaxExpense": 3862000, "totalRevenue": 93756000, "totalOperatingExpenses": 130702000, "costOfRevenue": 43593000, "totalOtherIncomeExpenseNet": 6252000, "discontinuedOperations": null, "netIncomeFromContinuingOps": -34556000, "netIncomeApplicableToCommonShares": -34556000}}, {"2021-11-30": {"researchDevelopment": 22846000, "effectOfAccountingCharges": null, "incomeBeforeTax": 25828000, "minorityInterest": null, "netIncome": 22503000, "sellingGeneralAdministrative": 45769000, "grossProfit": 38294000, "ebit": -41571000, "operatingIncome": -41571000, "otherOperatingExpenses": null, "interestExpense": -820000, "extraordinaryItems": null, "nonRecurring": null, "otherItems": null, "incomeTaxExpense": 3325000, "totalRevenue": 83450000, "totalOperatingExpenses": 125021000, "costOfRevenue": 45156000, "totalOtherIncomeExpenseNet": 67399000, "discontinuedOperations": null, "netIncomeFromContinuingOps": 22503000, "netIncomeApplicableToCommonShares": 22503000}}]}